<record><leader>00000cas a2200000 a 4500</leader><controlfield tag="001">52802760</controlfield><controlfield tag="008">030806d19381938nyuwr ne      0    0eng c</controlfield><datafield ind1=" " ind2=" " tag="010"><subfield code="a">sn2003060405</subfield></datafield><datafield ind1=" " ind2=" " tag="040"><subfield code="a">NYS</subfield><subfield code="b">eng</subfield><subfield code="c">NYS</subfield><subfield code="d">OCLCQ</subfield><subfield code="d">OCLCF</subfield><subfield code="d">OCLCO</subfield></datafield><datafield ind1="1" ind2=" " tag="029"><subfield code="a">AU@</subfield><subfield code="b">000024855072</subfield></datafield><datafield ind1=" " ind2=" " tag="042"><subfield code="a">pcc</subfield></datafield><datafield ind1=" " ind2=" " tag="043"><subfield code="a">n-us-ny</subfield></datafield><datafield ind1="0" ind2=" " tag="130"><subfield code="a">Sunday dispatch (Peekskill, N.Y.)</subfield></datafield><datafield ind1="1" ind2="0" tag="245"><subfield code="a">Sunday dispatch.</subfield></datafield><datafield ind1=" " ind2=" " tag="260"><subfield code="a">Peekskill, N.Y. :</subfield><subfield code="b">Foshay Pub. Corp.,</subfield><subfield code="c">1938.</subfield></datafield><datafield ind1=" " ind2=" " tag="300"><subfield code="a">1 v. :</subfield><subfield code="b">ill. ;</subfield><subfield code="c">40 cm.</subfield></datafield><datafield ind1=" " ind2=" " tag="310"><subfield code="a">Weekly</subfield></datafield><datafield ind1="0" ind2=" " tag="362"><subfield code="a">Vol. 1, no. 1 (Aug. 7, 1938)-v. 1, no. 9 (Oct. 2, 1938).</subfield></datafield><datafield ind1=" " ind2=" " tag="500"><subfield code="a">"North Westchester's only Sunday newspaper."</subfield></datafield><datafield ind1=" " ind2=" " tag="500"><subfield code="a">"Robert L.W. Foshay, President."</subfield></datafield><datafield ind1=" " ind2=" " tag="580"><subfield code="a">Merged with: Cortlandt register, to form: Cortlandt register and Sunday dispatch.</subfield></datafield><datafield ind1=" " ind2="0" tag="651"><subfield code="a">Cortlandt (N.Y. : Town)</subfield><subfield code="v">Newspapers.</subfield></datafield><datafield ind1=" " ind2="0" tag="651"><subfield code="a">Peekskill (N.Y.)</subfield><subfield code="v">Newspapers.</subfield></datafield><datafield ind1=" " ind2="0" tag="651"><subfield code="a">Westchester County (N.Y.)</subfield><subfield code="v">Newspapers.</subfield></datafield><datafield ind1=" " ind2="7" tag="655"><subfield code="a">Newspapers.</subfield><subfield code="2">fast</subfield><subfield code="0">(OCoLC)fst01423814</subfield></datafield><datafield ind1=" " ind2="7" tag="651"><subfield code="a">New York (State)</subfield><subfield code="z">Cortlandt (Town)</subfield><subfield code="2">fast</subfield><subfield code="0">(OCoLC)fst01331603</subfield></datafield><datafield ind1=" " ind2="7" tag="651"><subfield code="a">New York (State)</subfield><subfield code="z">Peekskill.</subfield><subfield code="2">fast</subfield><subfield code="0">(OCoLC)fst01209452</subfield></datafield><datafield ind1=" " ind2="7" tag="651"><subfield code="a">New York (State)</subfield><subfield code="z">Westchester County.</subfield><subfield code="2">fast</subfield><subfield code="0">(OCoLC)fst01202684</subfield></datafield><datafield ind1=" " ind2=" " tag="752"><subfield code="a">United States</subfield><subfield code="b">New York</subfield><subfield code="c">Westchester</subfield><subfield code="d">Peekskill.</subfield></datafield><datafield ind1="1" ind2="7" tag="785"><subfield code="t">Cortlandt register</subfield></datafield><datafield ind1="1" ind2="7" tag="785"><subfield code="t">Cortlandt register and Sunday dispatch</subfield><subfield code="w">(DLC)sn2003060407</subfield><subfield code="w">(OCoLC)52807730</subfield></datafield></record>